@Inbook{Zhang2014,
	author= {Zhang, Lei and Liu, Bing},
	editor= {Chu, Wesley W.},
	title= {Aspect and Entity Extraction for Opinion Mining},
	bookTitle= {Data Mining and Knowledge Discovery for Big Data: Methodologies, Challenge and Opportunities},
	year= {2014},
	publisher= {Springer Berlin Heidelberg},
	address= {Berlin, Heidelberg},
	pages= {1--40},
	isbn= {978-3-642-40837-3},
	doi= {10.1007/978-3-642-40837-3_1},
	url= {http://dx.doi.org/10.1007/978-3-642-40837-3_1}
}

@MISC{Liu12sentimentanalysis,
    author = {Bing Liu},
    title = {Sentiment Analysis and Opinion Mining},
    year = {2012}
}

@article{DBLP:journals/corr/AndorAWSPGPC16,
  author    = {Daniel Andor and
               Chris Alberti and
               David Weiss and
               Aliaksei Severyn and
               Alessandro Presta and
               Kuzman Ganchev and
               Slav Petrov and
               Michael Collins},
  title     = {Globally Normalized Transition-Based Neural Networks},
  journal   = {CoRR},
  volume    = {abs/1603.06042},
  year      = {2016},
  url       = {http://arxiv.org/abs/1603.06042},
  timestamp = {Sat, 02 Apr 2016 11:49:48 +0200},
  biburl    = {http://dblp.uni-trier.de/rec/bib/journals/corr/AndorAWSPGPC16},
  bibsource = {dblp computer science bibliography, http://dblp.org}
}

@inproceedings{pennington2014glove,
  author = {Jeffrey Pennington and Richard Socher and Christopher D. Manning},
  booktitle = {Empirical Methods in Natural Language Processing (EMNLP)},
  title = {GloVe: Global Vectors for Word Representation},
  year = {2014},
  pages = {1532--1543},
  url = {http://www.aclweb.org/anthology/D14-1162},
}

@inproceedings{Ding:2008:HLA:1341531.1341561,
	author = {Ding, Xiaowen and Liu, Bing and Yu, Philip S.},
	title = {A Holistic Lexicon-based Approach to Opinion Mining},
	booktitle = {Proceedings of the 2008 International Conference on Web Search and Data Mining},
	series = {WSDM '08},
	year = {2008},
	isbn = {978-1-59593-927-2},
	location = {Palo Alto, California, USA},
	pages = {231--240},
	numpages = {10},
	url = {http://doi.acm.org/10.1145/1341531.1341561},
	doi = {10.1145/1341531.1341561},
	acmid = {1341561},
	publisher = {ACM},
	address = {New York, NY, USA},
	keywords = {context dependent opinions, opinion mining, sentiment analysis},
}

@inproceedings{Hu:2004:MSC:1014052.1014073,
	author = {Hu, Minqing and Liu, Bing},
	title = {Mining and Summarizing Customer Reviews},
	booktitle = {Proceedings of the Tenth ACM SIGKDD International Conference on Knowledge Discovery and Data Mining},
	series = {KDD '04},
	year = {2004},
	isbn = {1-58113-888-1},
	location = {Seattle, WA, USA},
	pages = {168--177},
	numpages = {10},
	url = {http://doi.acm.org/10.1145/1014052.1014073},
	doi = {10.1145/1014052.1014073},
	acmid = {1014073},
	publisher = {ACM},
	address = {New York, NY, USA},
	keywords = {reviews, sentiment classification, summarization, text mining},
} 

@MISC{syntaxnet,
	author = {
		Alessandro Presta and
		Aliaksei Severyn and
		Andy Golding and
		Bernd Bohnet and
		Chris Alberti and
		Daniel Andor and
		David Weiss and
		Emily Pitler and
		Greg Coppola and
		Ivan Bogatyy and
		Ji Ma and
		Keith Hall and
		Kuzman Ganchev and
		Livio Baldini Soares and
		Michael Collins and
		Michael Ringgaard and
		Ryan McDonald and
		Slav Petrov and
		Stefan Istrate and
		Terry Koo and
		Tim Credo
	},
	title = {SyntaxNet: Neural Models of Syntax},
	url = {https://github.com/tensorflow/models/tree/master/syntaxnet}
}

@MISC{dependency,
	author = {Graham Neubig},
	year = {2014},
	title = {NLP Programming Tutorial 12 - Dependency Parsing},
	url = {www.phontron.com/slides/nlp-programming-en-11-depend.pdf}
}

@article{hongsentiment,
	added-at = {2017-01-13T12:07:32.000+0100},
	author = {Hong, James and Fang, Michael},
	biburl = {https://www.bibsonomy.org/bibtex/26f87c0296e536e03bd4abdf0011de6ea/albinzehe},
	interhash = {fe664377996d98110582602c86cd3c18},
	intrahash = {6f87c0296e536e03bd4abdf0011de6ea},
	keywords = {ma-zehe neuralnets rnn sentimentanalysis},
	timestamp = {2017-01-13T12:07:32.000+0100},
	title = {Sentiment Analysis with Deeply Learned Distributed Representations of Variable Length Texts},
	year = 2015
}

@MISC{bootstrapping,
	author = {Canales, Lea and
			  Strappavara, Carlo and
			  Boldrini, Ester and
			  Mart√≠nez-Barco, Patricio},
	title = {Bootstrapping Technique + Embeddings = Emotional Corpus Annotated Automatically},
	year = 2015
}


@article{Viterbi:2006:EBC:2263262.2267502,
	author = {Viterbi, A.},
	title = {Error Bounds for Convolutional Codes and an Asymptotically Optimum Decoding Algorithm},
	journal = {IEEE Trans. Inf. Theor.},
	issue_date = {April 1967},
	volume = {13},
	number = {2},
	month = sep,
	year = {2006},
	issn = {0018-9448},
	pages = {260--269},
	numpages = {10},
	url = {http://dx.doi.org/10.1109/TIT.1967.1054010},
	doi = {10.1109/TIT.1967.1054010},
	acmid = {2267502},
	publisher = {IEEE Press},
	address = {Piscataway, NJ, USA},
} 

@inproceedings{Brill:1992:SRP:974499.974526,
	author = {Brill, Eric},
	title = {A Simple Rule-based Part of Speech Tagger},
	booktitle = {Proceedings of the Third Conference on Applied Natural Language Processing},
	series = {ANLC '92},
	year = {1992},
	location = {Trento, Italy},
	pages = {152--155},
	numpages = {4},
	url = {http://dx.doi.org/10.3115/974499.974526},
	doi = {10.3115/974499.974526},
	acmid = {974526},
	publisher = {Association for Computational Linguistics},
	address = {Stroudsburg, PA, USA},
} 

@misc{baumwelch,
	author = {Rabiner, Lawrence},
	title = {First-Hand:The Hidden Markov Model},
	url = {http://ethw.org/First-Hand:The_Hidden_Markov_Model},
	year = {2012}
}

@article{ner,
	author = {Thierry Poibeau, Leila Kosseim},
	title = {Proper name extraction from non-journalistic texts},
	year = {2001},
	journal = {Language and computers},
	volume = {37},
	issue = {1},
	pages = {144--157},
	publisher = {Rodopi}
}

@inproceedings{vader,
  added-at = {2015-05-25T00:00:00.000+0200},
  author = {Hutto, Clayton J. and Gilbert, Eric},
  biburl = {https://www.bibsonomy.org/bibtex/253a5741ab827539d4bc4bf836fa6dae7/dblp},
  booktitle = {ICWSM},
  editor = {Adar, Eytan and Resnick, Paul and Choudhury, Munmun De and Hogan, Bernie and Oh, Alice H.},
  ee = {http://www.aaai.org/ocs/index.php/ICWSM/ICWSM14/paper/view/8109},
  interhash = {e73f21d7ff21014b85f5c7b48f335a11},
  intrahash = {53a5741ab827539d4bc4bf836fa6dae7},
  isbn = {978-1-57735-659-2},
  keywords = {dblp},
  publisher = {The AAAI Press},
  timestamp = {2016-05-10T11:39:40.000+0200},
  title = {VADER: A Parsimonious Rule-Based Model for Sentiment Analysis of Social Media Text.},
  url = {http://dblp.uni-trier.de/db/conf/icwsm/icwsm2014.html#HuttoG14},
  year = 2014
}

