@Inbook{Zhang2014,
	author= {Zhang, Lei and Liu, Bing},
	editor= {Chu, Wesley W.},
	title= {Aspect and Entity Extraction for Opinion Mining},
	bookTitle= {Data Mining and Knowledge Discovery for Big Data: Methodologies, Challenge and Opportunities},
	year= {2014},
	publisher= {Springer Berlin Heidelberg},
	address= {Berlin, Heidelberg},
	pages= {1--40},
	isbn= {978-3-642-40837-3},
	doi= {10.1007/978-3-642-40837-3_1},
	url= {http://dx.doi.org/10.1007/978-3-642-40837-3_1}
}

@MISC{Liu12sentimentanalysis,
    author = {Bing Liu},
    title = {Sentiment Analysis and Opinion Mining},
    year = {2012}
}

@article{DBLP:journals/corr/AndorAWSPGPC16,
  author    = {Daniel Andor and
               Chris Alberti and
               David Weiss and
               Aliaksei Severyn and
               Alessandro Presta and
               Kuzman Ganchev and
               Slav Petrov and
               Michael Collins},
  title     = {Globally Normalized Transition-Based Neural Networks},
  journal   = {CoRR},
  volume    = {abs/1603.06042},
  year      = {2016},
  url       = {http://arxiv.org/abs/1603.06042},
  timestamp = {Sat, 02 Apr 2016 11:49:48 +0200},
  biburl    = {http://dblp.uni-trier.de/rec/bib/journals/corr/AndorAWSPGPC16},
  bibsource = {dblp computer science bibliography, http://dblp.org}
}

@inproceedings{pennington2014glove,
  author = {Jeffrey Pennington and Richard Socher and Christopher D. Manning},
  booktitle = {Empirical Methods in Natural Language Processing (EMNLP)},
  title = {GloVe: Global Vectors for Word Representation},
  year = {2014},
  pages = {1532--1543},
  url = {http://www.aclweb.org/anthology/D14-1162},
}

@MISC{syntaxnet,
	author = {
		Alessandro Presta and
		Aliaksei Severyn and
		Andy Golding and
		Bernd Bohnet and
		Chris Alberti and
		Daniel Andor and
		David Weiss and
		Emily Pitler and
		Greg Coppola and
		Ivan Bogatyy and
		Ji Ma and
		Keith Hall and
		Kuzman Ganchev and
		Livio Baldini Soares and
		Michael Collins and
		Michael Ringgaard and
		Ryan McDonald and
		Slav Petrov and
		Stefan Istrate and
		Terry Koo and
		Tim Credo
	},
	title = {SyntaxNet: Neural Models of Syntax},
	url = {https://github.com/tensorflow/models/tree/master/syntaxnet}
}